%perm refrerences
@article{Kennedy1995,
author = {Kennedy, Peter E.},
journal = {Journal of Business \& Economic Statistics},
number = {1},
pages = {85--94},
title = {{Randomization Tests in Econometrics}},
volume = {13},
year = {1995}
}
@article{Draper1966,
author = {Draper, NR and Stoneman, DM},
journal = {Technometrics},
number = {4},
pages = {695--699},
title = {{Testing for the Inclusion of Variables in Linear Regression by a Randomisation Technique}},
volume = {8},
year = {1966}
}
@article{Winkler2014,
author = {Winkler, Anderson M and Ridgway, Gerard R and Webster, Matthew A and Smith, Stephen M and Nichols, Thomas E},
doi = {10.1016/j.neuroimage.2014.01.060},
journal = {NeuroImage},
month = feb,
pages = {381--397},
pmid = {24530839},
title = {{Permutation inference for the general linear model.}},
volume = {92C},
year = {2014}
}
@article {Lee2012,
author = {Lee, Oliver E. and Braun, Thomas M.},
title = {Permutation Tests for Random Effects in Linear Mixed Models},
journal = {Biometrics},
volume = {68},
number = {2},
pages = {486--493},
year = {2012},
}

@article{Samuh2012,
author = {Samuh, Monjed H. and Grilli, Leonardo and Rampichini, Carla and Salmaso, Luigi and Lunardon, Nicola},
title = {The Use of Permutation Tests for Variance Components in Linear Mixed Models},
journal = {Communications in Statistics - Theory and Methods},
volume = {41},
number = {16-17},
pages = {3020-3029},
year = {2012},
}

@article{Drikvandi2013,
author = {Drikvandi, Reza and Verbeke, Geert and Khodadadi, Ahmad and {Partovi Nia}, Vahid},
journal = {Biostatistics (Oxford, England)},
number = {1},
pages = {144--59},
title = {{Testing multiple variance components in linear mixed-effects models.}},
volume = {14},
year = {2013}
}
@article{Fitz2007,
author = {Fitzmaurice, Garrett M and Lipsitz, Stuart R and Ibrahim, Joseph G},
journal = {Biometrics},
month = sep,
number = {3},
pages = {942--6},
title = {{A note on permutation tests for variance components in multilevel generalized linear mixed models.}},
volume = {63},
year = {2007}
}
@article{Freedman1983,
author = {Freedman, David and Lane, David},
title = {A Nonstochastic Interpretation of Reported Significance Levels},
journal = {Journal of Business and Economic Statistics},
volume = {1},
number = {4},
pages = {292-298},
year = {1983},
}

@article{ernst2004,
author = {Ernst, Michael D},
journal = {Statistical Science},
keywords = {and phrases,distribution-free,monte carlo,nonparametric,permutation tests,randomization tests},
number = {4},
pages = {676--685},
title = {{Permutation Methods: A Basis for Exact Inference}},
volume = {19},
year = {2004}
}

@article{Huh2001,
author = {Huh, Myung-Hoe and Jhun, Myoungshic},
title = {RANDOM PERMUTATION TESTING IN MULTIPLE LINEAR REGRESSION},
journal = {Communications in Statistics - Theory and Methods},
volume = {30},
number = {10},
pages = {2023-2032},
year = {2001},
}

@BOOK{Braak1992,
year={1992},
booktitle={Bootstrapping and Related Techniques},
volume={376},
series={Lecture Notes in Economics and Mathematical Systems},
editor={Jöckel, Karl-Heinz and Rothe, Günter and Sendler, Wolfgang},
title={Permutation Versus Bootstrap Significance Tests in Multiple Regression and Anova},
publisher={Springer Berlin Heidelberg},
author={ter Braak, Cajo J.F.},
pages={79-85},
}

@book {Demidenko2005,
author = {Demidenko, Eugene},
publisher = {John Wiley & Sons, Inc.},
booktitle = {Mixed Models: Theory and Applications},
year = {2005},
}

@article{Nichols2002,
author = {Nichols, Thomas E and Holmes, Andrew P},
journal = {Human Brain Mapping},
number = 1,
pages = {1-25},
title = {Nonparametric permutation tests for functional neuroimaging: a primer with examples},
volume = 15,
year = 2002}

@ARTICLE{Holmes1996,
  author = {Holmes, A P and Blair, R C and Watson, J D and Ford, I},
  title = {Nonparametric analysis of statistic images from functional mapping
	experiments.},
  journal = {Journal of cerebral blood flow and metabolism : official journal
	of the International Society of Cerebral Blood Flow and Metabolism},
  year = {1996},
  volume = {16},
  pages = {7--22},
  number = {1}
}

@ARTICLE{Nichols2003,
  author = {Nichols, Thomas E. and Hayasaka, Satoru},
  title = {Controlling the familywise error rate in functional neuroimaging:
	a comparative review.},
  journal = {Statistical Methods in Medical Research},
  year = {2003},
  volume = {12},
  pages = {419--446},
  number = {5}
}


@ARTICLE{Friston1994,
  author = {Friston, K. J. and Worsley, K. J. and Frackowiak, R. S. J. and Mazziotta,
	J. C. and Evans, A. C.},
  title = {Assessing the significance of focal activations using their spatial
	extent},
  journal = {Human Brain Mapping},
  year = {1994},
  volume = {1},
  pages = {210--220},
  number = {3}
}


%heteroscedasticity ref
@article{e1977,
title = "A note on a heteroscedastic model ",
journal = "Journal of Econometrics ",
volume = "6",
number = "3",
pages = "365 - 370",
year = "1977",
author = "Takeshi Amemiya"
}

@article{Buse1984,
year={1984},
journal={Empirical Economics},
volume={9},
number={4},
title={Tests for additive heteroskedasticity: Goldfeld and Quandt revisited},
author={Buse, A.},
pages={199-216}
}

@article{Breusch1979,
author = {Breusch, TS and Pagan, AR},
journal = {Econometrica: Journal of the Econometric Society},
number = {5},
pages = {1287--1294},
title = {{A Simple test for heteroscedasticity and random coefficient variation}},
volume = {47},
year = {1979}
}

@article{Goldfeld1965,
author = {Goldfeld, SM and Quandt, RE},
journal = {Journal of the American Statistical \ldots},
number = {310},
pages = {539--547},
title = {{Some Tests for Homoscedasticity}},
volume = {60},
year = {1965}
}

@article{Buse1973,
author = {Buse, A},
journal = {The American Statistician},
number = {3},
pages = {106--108},
title = {{Goodness of fit in generalized least squares estimation}},
volume = {27},
year = {1973}
}

@article{Buse1979,
author = {Buse, A},
journal = {Journal of Econometrics},
title = {{Goodness-of-fit in the seemingly unrelated regressions model: a generalization}},
volume = {10},
year = {1979}
}


%VC and mixed effect refs
@ARTICLE{Self1987,
  author = {Self, Steven G. and Liang, Kung-Yee},
  title = {Asymptotic Properties of Maximum Likelihood Estimators and Likelihood
	Ratio Tests Under Nonstandard Conditions},
  journal = {Journal of the American Statistical Association},
  year = {1987},
  volume = {82},
  pages = {pp. 605-610},
  number = {398}
}

@ARTICLE{Stram1994,
  author = {Stram, Daniel O. and Jae Won Lee},
  title = {Variance Components Testing in the Longitudinal Mixed Effects Model},
  journal = {Biometrics},
  year = {1994},
  volume = {50},
  pages = {pp. 1171-1177},
  number = {4}
}

@ARTICLE{Verbeke2003,
  author = {Verbeke, Geert and Molenberghs, Geert},
  title = {The Use of Score Tests for Inference on Variance Components},
  journal = {Biometrics},
  year = {2003},
  volume = {59},
  pages = {pp. 254-262},
  number = {2}
}
@article{Freedman2007,
author = {Freedman, David a},
journal = {The American Statistician},
keywords = {a,expected information,f $\theta$,for example,hood equation,in short,is a matrix,k,maximum likelihood,multiple roots for likeli-,observed information,primes mean differentiation with,respect to,score test inconsistent,the fisher information matrix,x,$\theta$},
mendeley-groups = {VC testing},
month = nov,
number = {4},
pages = {291--295},
title = {{How Can the Score Test Be Inconsistent?}},
volume = {61},
year = {2007}
}

@article{Molenberghs2007,
author = {Molenberghs, Geert and Verbeke, Geert},
journal = {The American Statistician},
keywords = {boundary condition,dose response,general-,ized linear mixed model,likelihood ratio test,linear mixed,model,one-sided test,score test,variance component,wald},
mendeley-groups = {VC testing},
month = feb,
number = {1},
pages = {22--27},
title = {{Likelihood Ratio, Score, and Wald Tests in a Constrained Parameter Space}},
volume = {61},
year = {2007}
}

@article{Morgan2007,
author = {Morgan, B. J. T and Palmer, K. J and Ridout, M. S},
journal = {The American Statistician},
month = nov,
number = {4},
pages = {285--288},
title = {{Negative Score Test Statistic}},
volume = {61},
year = {2007}
}

@article{Verbeke2007,
author = {Verbeke, Geert and Molenberghs, Geert},
journal = {The American Statistician},
month = nov,
number = {4},
pages = {289--290},
title = {{What Can Go Wrong With the Score Test?}},
volume = {61},
year = {2007}
}

@article{Silvapulle1995,
author = {Silvapulle, Mervyn J. and Silvapulle, Paramsothy},
title = {A Score Test against One-Sided Alternatives},
journal = {Journal of the American Statistical Association},
volume = {90},
number = {429},
pages = {342-349},
year = {1995},
}
@article{Silvapulle1992,
author = {Silvapulle, Mervyn J.},
title = {Robust Wald-Type Tests of One-Sided Hypotheses in the Linear Model},
journal = {Journal of the American Statistical Association},
volume = {87},
number = {417},
pages = {156-161},
year = {1992},
}

@ARTICLE{Jennrich1976,
  author = {Jennrich, RI and Sampson, PF},
  title = {Newton-Raphson and related algorithms for maximum likelihood variance
	component estimation.},
  journal = {Technometrics},
  year = {1976},
  volume = {18},
  pages = {11--17},
  number = {1}
}

@article{Chernoff1954,
     title = {On the Distribution of the Likelihood Ratio},
     author = {Chernoff, Herman},
     journal = {The Annals of Mathematical Statistics},
     volume = {25},
     number = {3},
     jstor_formatteddate = {Sep., 1954},
     pages = {pp. 573-578},
     year = {1954},
    }

@article{Dominicus2006,
year={2006},
issn={0001-8244},
journal={Behavior Genetics},
volume={36},
number={2},
title={Likelihood Ratio Tests in Behavioral Genetics: Problems and Solutions},
author={Dominicus, Annica and Skrondal, Anders and Gjessing, HåkonK. and Pedersen, NancyL. and Palmgren, Juni},
pages={331-340},
}

@incollection{Crainiceanu2008,
year={2008},
booktitle={Random Effect and Latent Variable Model Selection},
volume={192},
series={Lecture Notes in Statistics},
editor={Dunson, DavidB.},
title={Likelihood Ratio Testing for Zero Variance Components in Linear Mixed Models},
publisher={Springer New York},
author={Crainiceanu, CiprianM.},
pages={3-17},
}

@article{Crainiceanu2004a,
  title={Restricted likelihood ratio tests in nonparametric longitudinal models},
  author={Crainiceanu, Ciprian M and Ruppert, David},
  journal={Statistica Sinica},
  volume={14},
  number={3},
  pages={713--730},
  year={2004},
}

@article {Crainiceanu2004b,
author = {Crainiceanu, Ciprian M. and Ruppert, David},
title = {Likelihood ratio tests in linear mixed models with one variance component},
journal = {Journal of the Royal Statistical Society: Series B (Statistical Methodology)},
volume = {66},
number = {1},
pages = {165--185},
keywords = {Degrees of freedom, Non-regular problems, Penalized splines},
year = {2004},
}


@article{Crainiceanu2004c,
title = "Likelihood ratio tests for goodness-of-fit of a nonlinear regression model ",
journal = "Journal of Multivariate Analysis ",
volume = "91",
number = "1",
pages = "35 - 52",
year = "2004",
author = "Ciprian M Crainiceanu and David Ruppert",
}


@article{Shephard1993,
     title = {Maximum Likelihood Estimation of Regression Models With Stochastic Trend Components},
     author = {Shephard, Neil},
     journal = {Journal of the American Statistical Association},
     jstor_issuetitle = {},
     volume = {88},
     number = {422},
     pages = {pp. 590-595},
     year = {1993},
     publisher = {American Statistical Association},
    }

@article {Shephard1990,
author = {Shephard, N. G. and Harvey, A. C.},
title = {ON THE PROBABILITY OF ESTIMATING A DETERMINISTIC COMPONENT IN THE LOCAL LEVEL MODEL},
journal = {Journal of Time Series Analysis},
volume = {11},
number = {4},
publisher = {Blackwell Publishing Ltd},
pages = {339--347},
year = {1990},
}


%genetic refs
@BOOK{Blangero2013,
  title = {A kernel of truth: statistical advances in polygenic variance component
	models for complex human pedigrees.},
  publisher = {Academic Press},
  year = {2013},
  author = {Blangero, John and Diego, Vincent P and Dyer, Thomas D and Almeida,
	Marcio and Peralta, Juan and Kent, Jack W and Williams, Jeff T and
	Almasy, Laura and G\"{o}ring, Harald H H},
  volume = {81},
  pages = {1--31},
  booktitle = {Advances in genetics}
}

@ARTICLE{Amos1994,
  author = {Amos, C I},
  title = {Robust variance-components approach for assessing genetic linkage
	in pedigrees.},
  journal = {American journal of human genetics},
  year = {1994},
  volume = {54},
  pages = {535--43},
  number = {3}
}
@ARTICLE{Blangero1997,
  author = {Blangero, John and Almasy, Laura},
  title = {Multipoint oligogenic linkage analysis of quantitative traits},
  journal = {Genetic Epidemiology},
  year = {1997},
  volume = {14},
  pages = {959--964},
  number = {6}
}

@ARTICLE{HOPPER1983,
  author = {Hopper, John L. and Mathews, John D.},
  title = {Extensions to multi- variate normal models for pedigree analysis},
  journal = {Annals of Human Genetics},
  year = {1982},
  volume = {46},
  pages = {373-383}
}

@article{Almasy1998,
author = {Almasy, L and Blangero, J},
journal = {American Journal of Human Genetics},
number = 5,
pages = {1198-211},
title = {Multipoint quantitative-trait linkage analysis in general pedigrees},
volume = 62,
year = 1998}

@article{Lange1976,
author = {Lange, Kenneth and Westlake, Joan and Spence, M A},
journal = {Annals of Human Genetics},
number = 4,
pages = {485--91},
title = {Extensions to pedigree analysis. {III}. Variance components by the scoring method.},
volume = 39,
year = 1976}
                  
@book{lange2003,
author = {Lange, Kenneth},
edition = {2nd},
pages = {370},
publisher = {Springer},
title = {{Mathematical and statistical methods for genetic analysis}},
year = {2003}
}
                  

%%imaging heritability papers
@ARTICLE{Blokland2008,
  author = {Gabriëlla A.M. Blokland and Katie L. McMahon and Jan Hoffman and
	Gu Zhu and Matthew Meredith and Nicholas G. Martin and Paul M. Thompson
	and Greig I. de Zubicaray and Margaret J. Wright},
  title = {Quantifying the heritability of task-related brain activation and
	performance during the N-back working memory task: A twin fMRI study
	},
  journal = {Biological Psychology },
  year = {2008},
  volume = {79},
  pages = {70 - 79},
  number = {1}
}

@ARTICLE{Braber2013,
  author = {den Braber, Anouk and Bohlken, Marc M and Brouwer, Rachel M and {van
	't Ent}, Dennis and Kanai, Ryota and Kahn, Ren\'{e} S and de Geus,
	Eco J C and {Hulshoff Pol}, Hilleke E and Boomsma, Dorret I},
  title = {Heritability of subcortical brain measures: A perspective for future
	genome-wide association studies.},
  journal = {NeuroImage},
  year = {2013},
  volume = {83C},
  pages = {98--102}
}

@ARTICLE{Brouwer2010,
  author = {Rachel M. Brouwer and René C.W. Mandl and Jiska S. Peper and G. Caroline
	M. van Baal and René S. Kahn and Dorret I. Boomsma and Hilleke E.
	Hulshoff Pol},
  title = {Heritability of \{DTI\} and \{MTR\} in nine-year-old children},
  journal = {NeuroImage },
  year = {2010},
  volume = {53},
  pages = {1085 - 1092},
  number = {3}
}

@ARTICLE{Burggren2008,
  author = {A.C. Burggren and M.M. Zeineh and A.D. Ekstrom and M.N. Braskie and
	P.M. Thompson and G.W. Small and S.Y. Bookheimer},
  title = {Reduced cortical thickness in hippocampal subregions among cognitively
	normal apolipoprotein E e4 carriers },
  journal = {NeuroImage },
  year = {2008},
  volume = {41},
  pages = {1177 - 1183},
  number = {4}
}

@ARTICLE{Chiang2009,
  author = {Chiang, Ming-Chang and Barysheva, Marina and Shattuck, David W. and
	Lee, Agatha D. and Madsen, Sarah K. and Avedissian, Christina and
	Klunder, Andrea D. and Toga, Arthur W. and McMahon, Katie L. and
	de Zubicaray, Greig I. and Wright, Margaret J. and Srivastava, Anuj
	and Balov, Nikolay and Thompson, Paul M.},
  title = {Genetics of Brain Fiber Architecture and Intellectual Performance},
  journal = {The Journal of Neuroscience},
  year = {2009},
  volume = {29},
  pages = {2212-2224},
  number = {7}
}

@ARTICLE{Chiang2011,
  author = {Ming-Chang Chiang and Katie L. McMahon and Greig I. de Zubicaray
	and Nicholas G. Martin and Ian Hickie and Arthur W. Toga and Margaret
	J. Wright and Paul M. Thompson},
  title = {Genetics of white matter development: A \{DTI\} study of 705 twins
	and their siblings aged 12 to 29 },
  journal = {NeuroImage },
  year = {2011},
  volume = {54},
  pages = {2308 - 2317},
  number = {3},
  issn = {1053-8119}
}

@ARTICLE{Glahn2007,
  author = {Glahn, David C. and Thompson, Paul M. and Blangero, John},
  title = {Neuroimaging endophenotypes: Strategies for finding genes influencing
	brain structure and function},
  journal = {Human Brain Mapping},
  year = {2007},
  volume = {28},
  pages = {488--501},
  number = {6},
  keywords = {genetics, neuroimaging, endophenotype, MRI, PET, anatomy, functional
	MRI, fMRI}
}

@ARTICLE{Jahanshad2013,
  author = {Neda Jahanshad and Peter V. Kochunov and Emma Sprooten and René C.
	Mandl and Thomas E. Nichols and Laura Almasy and John Blangero and
	Rachel M. Brouwer and Joanne E. Curran and Greig I. de Zubicaray
	and Ravi Duggirala and Peter T. Fox and L. Elliot Hong and Bennett
	A. Landman and Nicholas G. Martin and Katie L. McMahon and Sarah
	E. Medland and Braxton D. Mitchell and Rene L. Olvera and Charles
	P. Peterson and John M. Starr and Jessika E. Sussmann and Arthur
	W. Toga and Joanna M. Wardlaw and Margaret J. Wright and Hilleke
	E. Hulshoff Pol and Mark E. Bastin and Andrew M. McIntosh and Ian
	J. Deary and Paul M. Thompson and David C. Glahn},
  title = {Multi-site genetic analysis of diffusion images and voxelwise heritability
	analysis: A pilot project of the ENIGMA-DTI working group },
  journal = {NeuroImage },
  year = {2013},
  volume = {81},
  pages = {455 - 469},
  number = {0}
}



@ARTICLE{Kochunov2011b,
  author = {P. Kochunov and D.C. Glahn and J. Lancaster and P.M. Thompson and
	V. Kochunov and B. Rogers and P. Fox and J. Blangero and D.E. Williamson},
  title = {Fractional anisotropy of cerebral white matter and thickness of cortical
	gray matter across the lifespan },
  journal = {NeuroImage },
  year = {2011b},
  volume = {58},
  pages = {41 - 49},
  number = {1}
}

@ARTICLE{Kochunov2010,
  author = {P. Kochunov and D.C. Glahn and J.L. Lancaster and A.M. Winkler and
	S. Smith and P.M. Thompson and L. Almasy and R. Duggirala and P.T.
	Fox and J. Blangero},
  title = {Genetics of microstructure of cerebral white matter using diffusion
	tensor imaging },
  journal = {NeuroImage },
  year = {2010},
  volume = {53},
  pages = {1109 - 1116},
  number = {3}
}

@ARTICLE{Kochunov2011a,
  author = {Kochunov, Peter and Glahn, David and Nichols, Tom and Winkler, Anderson
	and Hong, Elliott and Holcomb, Henry and Stein, Jason and Thompson,
	Paul and Curran, Joanne and Carless, Melany and Olvera, Rene and
	Johnson, MP and Cole, Shelley and Kochunov, Valeria and Kent, Jack
	and Blangero, John},
  title = {Genetic Analysis of Cortical Thickness and Fractional Anisotropy
	of Water Diffusion in the Brain},
  journal = {Frontiers in Neuroscience},
  year = {2011a},
  volume = {5},
  number = {120}
}

@ARTICLE{Koten2009,
  author = {Koten, Jan Willem and Wood, Guilherme and Hagoort, Peter and Goebel,
	Rainer and Propping, Peter and Willmes, Klaus and Boomsma, Dorret
	I.},
  title = {Genetic Contribution to Variation in Cognitive Function: An fMRI
	Study in Twins},
  journal = {Science},
  year = {2009},
  volume = {323},
  pages = {1737-1740},
  number = {5922}
}

@ARTICLE{Kremen2010,
  author = {Kremen, William S and Prom-Wormley, Elizabeth and Panizzon, Matthew
	S and Eyler, Lisa T and Fischl, Bruce and Neale, Michael C and Franz,
	Carol E and Lyons, Michael J and Pacheco, Jennifer and Perry, Michele
	E and Stevens, Allison and Schmitt, J Eric and Grant, Michael D and
	Seidman, Larry J and Thermenos, Heidi W and Tsuang, Ming T and Eisen,
	Seth a and Dale, Anders M and Fennema-Notestine, Christine},
  title = {Genetic and environmental influences on the size of specific brain
	regions in midlife: the VETSA MRI study.},
  journal = {NeuroImage},
  year = {2010},
  volume = {49},
  pages = {1213--23},
  number = {2}
}


@ARTICLE{Matthews2007,
  author = {Scott C. Matthews and Alan N. Simmons and Irina Strigo and Kerry
	Jang and Murray B. Stein and Martin P. Paulus},
  title = {Heritability of anterior cingulate response to conflict: An fMRI
	study in female twins },
  journal = {NeuroImage },
  year = {2007},
  volume = {38},
  pages = {223 - 227},
  number = {1}
}


@ARTICLE{Polk2007,
  author = {Polk, Thad A. and Park, Joonkoo and Smith, Mason R. and Park, Denise
	C.},
  title = {Nature versus Nurture in Ventral Visual Cortex: A Functional Magnetic
	Resonance Imaging Study of Twins},
  journal = {The Journal of Neuroscience},
  year = {2007},
  volume = {27},
  pages = {13921-13925},
  number = {51},
  doi = {10.1523/JNEUROSCI.4001-07.2007}
}

@ARTICLE{Rimol2010,
  author = {Rimol, Lars M and Panizzon, Matthew S and Fennema-Notestine, Christine
	and Eyler, Lisa T and Fischl, Bruce and Franz, Carol E and Hagler,
	Donald J and Lyons, Michael J and Neale, Michael C and Pacheco, Jennifer
	and Perry, Michele E and Schmitt, J Eric and Grant, Michael D and
	Seidman, Larry J and Thermenos, Heidi W and Tsuang, Ming T and Eisen,
	Seth a and Kremen, William S and Dale, Anders M},
  title = {Cortical thickness is influenced by regionally specific genetic factors.},
  journal = {Biological psychiatry},
  year = {2010},
  volume = {67},
  pages = {493--9},
  number = {5}
}

@ARTICLE{Winkler2010,
  author = {Winkler, Anderson M and Kochunov, Peter and Blangero, John and Almasy,
	Laura and Zilles, Karl and Fox, Peter T and Duggirala, Ravindranath
	and Glahn, David C},
  title = {Cortical thickness or grey matter volume? The importance of selecting
	the phenotype for imaging genetics studies.},
  journal = {NeuroImage},
  year = {2010},
  volume = {53},
  pages = {1135--1146},
  number = {3},
  keywords = {brain cortical thickness}
}

@article{MacCluer1997,
author = {MacCluer, J W and Blangero, J and Dyer, T D and Speer, M C},
journal = {Genetic epidemiology},
month = jan,
number = {6},
pages = {737--42},
title = {{GAW10: simulated family data for a common oligogenic disease with quantitative risk factors.}},
volume = {14},
year = {1997}
}


@article{Robinson1991,
     title = {That BLUP is a Good Thing: The Estimation of Random Effects},
     author = {Robinson, G. K.},
     journal = {Statistical Science},
     volume = {6},
     number = {1},
     pages = {pp. 15-32},
     year = {1991},
    }
    
@article {Olvera2011,
author = {Olvera, R.L. and Bearden, C.E. and Velligan, D.I. and Almasy, L. and Carless, M.A. and Curran, J.E. and Williamson, D.E. and Duggirala, R. and Blangero, J. and Glahn, D.C.},
title = {Common genetic influences on depression, alcohol, and substance use disorders in Mexican-American families},
journal = {American Journal of Medical Genetics Part B: Neuropsychiatric Genetics},
volume = {156},
number = {5},
pages = {561--568},
year = {2011},
}


@article{Smith2006,
title = "Tract-based spatial statistics: Voxelwise analysis of multi-subject diffusion data ",
journal = "NeuroImage ",
volume = "31",
number = "4",
pages = "1487 - 1505",
year = "2006",
author = "Stephen M. Smith and Mark Jenkinson and Heidi Johansen-Berg and Daniel Rueckert and Thomas E. Nichols and Clare E. Mackay and Kate E. Watkins and Olga Ciccarelli and M. Zaheer Cader and Paul M. Matthews and Timothy E.J. Behrens",
}

@article{Genovese2002,
author = {Genovese, Christopher R and Lazar, Nicole A and Nichols, Thomas E.},
journal = {NeuroImage},
number = {4},
pages = {870--878},
title = {{Thresholding of Statistical Maps in Functional Neuroimaging Using the False Discovery Rate}},
volume = {15},
year = {2002}
}
@article{Salimi-Khorshidi2010,
author = {Salimi-Khorshidi, Gholamreza and Smith, Stephen M. and Nichols, Thomas E.},
journal = {NeuroImage},
number = {3},
pages = {2006--2019},
title = {{Adjusting the effect of nonstationarity in cluster-based and TFCE inference.}},
volume = {54},
year = {2010}
}

@article{Kochunov2014b,
title = "Multi-site study of additive genetic effects on fractional anisotropy of cerebral white matter: Comparing meta and megaanalytical approaches for data pooling ",
journal = "NeuroImage ",
volume = "95",
number = "0",
pages = "136 - 150",
year = "2014",
note = "",
author = "Peter Kochunov and Neda Jahanshad and Emma Sprooten and Thomas E. Nichols and René C. Mandl and Laura Almasy and Tom Booth and Rachel M. Brouwer and Joanne E. Curran and Greig I. de Zubicaray and Rali Dimitrova and Ravi Duggirala and Peter T. Fox and L. Elliot Hong and Bennett A. Landman and Hervé Lemaitre and Lorna M. Lopez and Nicholas G. Martin and Katie L. McMahon and Braxton D. Mitchell and Rene L. Olvera and Charles P. Peterson and John M. Starr and Jessika E. Sussmann and Arthur W. Toga and Joanna M. Wardlaw and Margaret J. Wright and Susan N. Wright and Mark E. Bastin and Andrew M. McIntosh and Dorret I. Boomsma and René S. Kahn and Anouk den Braber and Eco J.C. de Geus and Ian J. Deary and Hilleke E. Hulshoff Pol and Douglas E. Williamson and John Blangero and Dennis van 't Ent and Paul M. Thompson and David C. Glahn",
}

@article{Kochunov2014a,
title = "Heritability of Fractional Anisotropy in Human White Matter: A Comparison of Human Connectome Project and ENIGMA-DTI Data ",
journal = "NeuroImage ",
year = "2014",
note = "In Review",
author = "Kochunov, P. and Jahanshad, N. and Marcus, D. and Winkler, A. and Sproote, E. and Nichols, T. and Hong, L. and Behrens, T.E. and Andersson, J.and Yacoub, E. and Ugurbil, K. and Brouwer, C. and Landman, B.A. and Braber, A. and Almassy, L. and Fox, P.T. and Olvera, R. and Blangero, J. and DC., Glahn. and Van Essen, D.C.",
}

@article{Friston1994,
author = {Friston, K J and Worsley, K J and Frackowiak, R S and Mazziotta, J C and Evans, a C},
journal = {Human brain mapping},
month = jan,
number = {3},
pages = {210--20},
title = {{Assessing the significance of focal activations using their spatial extent.}},
volume = {1},
year = {1994}
}

@article{Cao1999,
author = {Cao, J},
journal = {Advances in Applied Probability},
number = {3},
pages = {579--595},
title = {{The size of the connected components of excursion sets of $\chi^2$, t and F fields}},
volume = {31},
year = {1999}
}

@article{Worsley1992a,
author = {Worsley, Keith J and Evans, Alan C and Marrett, S and Neelin, P},
journal = {Journal of Cerebral Blood Flow and Metabolism},
month = nov,
number = {6},
pages = {900--918},
title = {{A three-dimensional statistical analysis for CBF activation studies in human brain}},
volume = {12},
year = {1992}
}


@article{Servin2007,
    author = {Servin, Bertrand AND Stephens, Matthew},
    journal = {PLoS Genet},
    title = {Imputation-Based Analysis of Association Studies: Candidate Regions and Quantitative Traits},
    year = {2007},
    month = {07},
    volume = {3},
    number = {7},
}

@article{Allison1999,
author = {Allison, D B and Neale, Michael C. and Zannolli, R and Schork, N J and Amos, C I and Blangero, J},
journal = {American journal of human genetics},
number = {2},
pages = {531--44},
title = {{Testing the robustness of the likelihood-ratio test in a variance-component quantitative-trait loci-mapping procedure.}},
volume = {65},
year = {1999}
}


@article{Neyman1933,
     title = {On the Problem of the Most Efficient Tests of Statistical Hypotheses},
     author = {Neyman, J. and Pearson, E. S.},
     journal = {Philosophical Transactions of the Royal Society of London. Series A, Containing Papers of a Mathematical or Physical Character},
     volume = {231},
     pages = {pp. 289-337},
     year = {1933},
    }
    
    
@book{Rao2008,
author = {Rao, C. Radhakrishna},
publisher = {John Wiley \& Sons, Inc.},
title = {{Linear Statistical Inference and its Applications}},
year = {2008},
}  


@article{McKay2014,
year={2014},
journal={Brain Imaging and Behavior},
volume={8},
number={2},
title={Influence of age, sex and genetic factors on the human brain},
author={McKay, D.Reese and Knowles, EmmaE.M. and Winkler, AndersonA.M. and Sprooten, Emma and Kochunov, Peter and Olvera, ReneL. and Curran, JoanneE. and Kent, JackW., Jr. and Carless, MelanieA. and Göring, HaraldH.H. and Dyer, ThomasD. and Duggirala, Ravi and Almasy, Laura and Fox, PeterT. and Blangero, John and Glahn, DavidC.},
pages={143-152},
}

%%refs from GWA Paper
%%Applied GWAS Papers
@article{Potkin2009a,
    author = {Potkin, Steven G. AND Guffanti, Guia AND Lakatos, Anita AND Turner, Jessica A. AND Kruggel, Frithjof AND Fallon, James H. AND Saykin, Andrew J. AND Orro, Alessandro AND Lupoli, Sara AND Salvi, Erika AND Weiner, Michael AND Macciardi, Fabio AND for the Alzheimer's Disease Neuroimaging Initiative},
    journal = {PLoS ONE},
    publisher = {Public Library of Science},
    title = {Hippocampal Atrophy as a Quantitative Trait in a Genome-Wide Association Study Identifying Novel Susceptibility Genes for Alzheimer's Disease},
    year = {2009},
    month = {08},
    volume = {4},
    pages = {1-15},
    number = {8},
    doi = {10.1371/journal.pone.0006501}
}

@article{Potkin2009b,
author = {Potkin, Steven G. and Turner, Jessica A. and Guffanti, Guia and Lakatos, Anita and Fallon, James H. and Nguyen, Dana D. and Mathalon, Daniel and Ford, Judith and Lauriello, John and Macciardi, Fabio and FBIRN}, 
title = {A Genome-Wide Association Study of Schizophrenia Using Brain Activation as a Quantitative Phenotype},
volume = {35}, 
number = {1}, 
pages = {96-108}, 
year = {2009}, 
doi = {10.1093/schbul/sbn155}, 
journal = {Schizophrenia Bulletin} 
}

@article{Stein2010a,
title = "Genome-wide analysis reveals novel genes influencing temporal lobe structure with relevance to neurodegeneration in Alzheimer's disease ",
journal = "NeuroImage ",
volume = "51",
number = "2",
pages = "542 - 554",
year = "2010",
doi = "http://dx.doi.org/10.1016/j.neuroimage.2010.02.068",
author = "Jason L. Stein and Xue Hua and Jonathan H. Morra and Suh Lee and Derrek P. Hibar and April J. Ho and Alex D. Leow and Arthur W. Toga and Jae Hoon Sul and Hyun Min Kang and Eleazar Eskin and Andrew J. Saykin and Li Shen and Tatiana Foroud and Nathan Pankratz and Matthew J. Huentelman and David W. Craig and Jill D. Gerber and April N. Allen and Jason J. Corneveaux and Dietrich A. Stephan and Jennifer Webster and Bryan M. DeChairo and Steven G. Potkin and Clifford R. Jack Jr. and Michael W. Weiner and Paul M. Thompson",
}

@article{Stein2010b,
title = "Voxelwise genome-wide association study (vGWAS) ",
journal = "NeuroImage ",
volume = "53",
number = "3",
pages = "1160 - 1174",
year = "2010",
note = "Imaging Genetics ",
issn = "1053-8119",
doi = "http://dx.doi.org/10.1016/j.neuroimage.2010.02.032",
author = "Jason L. Stein and Xue Hua and Suh Lee and April J. Ho and Alex D. Leow and Arthur W. Toga and Andrew J. Saykin and Li Shen and Tatiana Foroud and Nathan Pankratz and Matthew J. Huentelman and David W. Craig and Jill D. Gerber and April N. Allen and Jason J. Corneveaux and Bryan M. DeChairo and Steven G. Potkin and Michael W. Weiner and Paul M. Thompson",
}

%@article{Stein2012,
	Annote = {10.1038/ng.2250},
	Author = {Stein, Jason L and Medland, Sarah E and Vasquez, Alejandro Arias and Hibar, Derrek P and Senstad, Rudy E and Winkler, Anderson M and Toro, Roberto and Appel, Katja and Bartecek, Richard and Bergmann, Orjan and Bernard, Manon and Brown, Andrew A and Cannon, Dara M and Chakravarty, M Mallar and Christoforou, Andrea and Domin, Martin and Grimm, Oliver and Hollinshead, Marisa and Holmes, Avram J and Homuth, Georg and Hottenga, Jouke-Jan and Langan, Camilla and Lopez, Lorna M and Hansell, Narelle K and Hwang, Kristy S and Kim, Sungeun and Laje, Gonzalo and Lee, Phil H and Liu, Xinmin and Loth, Eva and Lourdusamy, Anbarasu and Mattingsdal, Morten and Mohnke, Sebastian and Maniega, Susana Munoz and Nho, Kwangsik and Nugent, Allison C and O'Brien, Carol and Papmeyer, Martina and Putz, Benno and Ramasamy, Adaikalavan and Rasmussen, Jerod and Rijpkema, Mark and Risacher, Shannon L and Roddey, J Cooper and Rose, Emma J and Ryten, Mina and Shen, Li and Sprooten, Emma and Strengman, Eric and Teumer, Alexander and Trabzuni, Daniah and Turner, Jessica and van Eijk, Kristel and van Erp, Theo G M and van Tol, Marie-Jose and Wittfeld, Katharina and Wolf, Christiane and Woudstra, Saskia and Aleman, Andre and Alhusaini, Saud and Almasy, Laura and Binder, Elisabeth B and Brohawn, David G and Cantor, Rita M and Carless, Melanie A and Corvin, Aiden and Czisch, Michael and Curran, Joanne E and Davies, Gail and de Almeida, Marcio A A and Delanty, Norman and Depondt, Chantal and Duggirala, Ravi and Dyer, Thomas D and Erk, Susanne and Fagerness, Jesen and Fox, Peter T and Freimer, Nelson B and Gill, Michael and Goring, Harald H H and Hagler, Donald J and Hoehn, David and Holsboer, Florian and Hoogman, Martine and Hosten, Norbert and Jahanshad, Neda and Johnson, Matthew P and Kasperaviciute, Dalia and Kent, Jack W, and Kochunov, Peter and Lancaster, Jack L and Lawrie, Stephen M and Liewald, David C and Mandl, Rene and Matarin, Mar and Mattheisen, Manuel and Meisenzahl, Eva and Melle, Ingrid and Moses, Eric K and Muhleisen, Thomas W and Nauck, Matthias and Nothen, Markus M and Olvera, Rene L and Pandolfo, Massimo and Pike, G Bruce and Puls, Ralf and Reinvang, Ivar and Renteria, Miguel E and Rietschel, Marcella and Roffman, Joshua L and Royle, Natalie A and Rujescu, Dan and Savitz, Jonathan and Schnack, Hugo G and Schnell, Knut and Seiferth, Nina and Smith, Colin and Steen, Vidar M and Valdes Hernandez, Maria C and Van den Heuvel, Martijn and van der Wee, Nic J and Van Haren, Neeltje E M and Veltman, Joris A and Volzke, Henry and Walker, Robert and Westlye, Lars T and Whelan, Christopher D and Agartz, Ingrid and Boomsma, Dorret I and Cavalleri, Gianpiero L and Dale, Anders M and Djurovic, Srdjan and Drevets, Wayne C and Hagoort, Peter and Hall, Jeremy and Heinz, Andreas and Jack, Clifford R, and Foroud, Tatiana M and Le Hellard, Stephanie and Macciardi, Fabio and Montgomery, Grant W and Poline, Jean Baptiste and Porteous, David J and Sisodiya, Sanjay M and Starr, John M and Sussmann, Jessika and Toga, Arthur W and Veltman, Dick J and Walter, Henrik and Weiner, Michael W and Bis, Joshua C and Ikram, M Arfan and Smith, Albert V and Gudnason, Vilmundur and Tzourio, Christophe and Vernooij, Meike W and Launer, Lenore J and DeCarli, Charles and Seshadri, Sudha},
	Date = {2012/05//print},
	Date-Added = {2016-03-01 11:26:24 +0000},
	Date-Modified = {2016-03-01 11:26:24 +0000},
	Isbn = {1061-4036},
	Journal = {Nat Genet},
	L3 = {http://www.nature.com/ng/journal/v44/n5/abs/ng.2250.html#supplementary-information},
	M3 = {10.1038/ng.2250},
	Month = {05},
	Number = {5},
	Pages = {552--561},
	Publisher = {Nature Publishing Group, a division of Macmillan Publishers Limited. All Rights Reserved.},
	Title = {Identification of common variants associated with human hippocampal and intracranial volumes},
	Volume = {44},
	Year = {2012},
	}
	
@article{Hibar2015,
	Author = {Hibar, Derrek P. and Stein, Jason L. and Renteria, Miguel E. and Arias-Vasquez, Alejandro and Desrivieres, Sylvane and Jahanshad, Neda and Toro, Roberto and Wittfeld, Katharina and Abramovic, Lucija and Andersson, Micael and Aribisala, Benjamin S. and Armstrong, Nicola J. and Bernard, Manon and Bohlken, Marc M. and Boks, Marco P. and Bralten, Janita and Brown, Andrew A. and Mallar Chakravarty, M. and Chen, Qiang and Ching, Christopher R. K. and Cuellar-Partida, Gabriel and den Braber, Anouk and Giddaluru, Sudheer and Goldman, Aaron L. and Grimm, Oliver and Guadalupe, Tulio and Hass, Johanna and Woldehawariat, Girma and Holmes, Avram J. and Hoogman, Martine and Janowitz, Deborah and Jia, Tianye and Kim, Sungeun and Klein, Marieke and Kraemer, Bernd and Lee, Phil H. and Olde Loohuis, Loes M. and Luciano, Michelle and Macare, Christine and Mather, Karen A. and Mattheisen, Manuel and Milaneschi, Yuri and Nho, Kwangsik and Papmeyer, Martina and Ramasamy, Adaikalavan and Risacher, Shannon L. and Roiz-Santianez, Roberto and Rose, Emma J. and Salami, Alireza and Samann, Philipp G. and Schmaal, Lianne and Schork, Andrew J. and Shin, Jean and Strike, Lachlan T. and Teumer, Alexander and van Donkelaar, Marjolein M. J. and van Eijk, Kristel R. and Walters, Raymond K. and Westlye, Lars T. and Whelan, Christopher D. and Winkler, Anderson M. and Zwiers, Marcel P. and Alhusaini, Saud and Athanasiu, Lavinia and Ehrlich, Stefan and Hakobjan, Marina M. H. and Hartberg, Cecilie B. and Haukvik, Unn K. and Heister, Angelien J. G. A. M. and Hoehn, David and Kasperaviciute, Dalia and Liewald, David C. M. and Lopez, Lorna M. and Makkinje, Remco R. R. and Matarin, Mar and Naber, Marlies A. M. and Reese McKay, D. and Needham, Margaret and Nugent, Allison C. and Putz, Benno and Royle, Natalie A. and Shen, Li and Sprooten, Emma and Trabzuni, Daniah and van der Marel, Saskia S. L. and van Hulzen, Kimm J. E. and Walton, Esther and Wolf, Christiane and Almasy, Laura and Ames, David and Arepalli, Sampath and Assareh, Amelia A. and Bastin, Mark E. and Brodaty, Henry and Bulayeva, Kazima B. and Carless, Melanie A. and Cichon, Sven and Corvin, Aiden and Curran, Joanne E. and Czisch, Michael and de Zubicaray, Greig I. and Dillman, Allissa and Duggirala, Ravi and Dyer, Thomas D. and Erk, Susanne and Fedko, Iryna O. and Ferrucci, Luigi and Foroud, Tatiana M. and Fox, Peter T. and Fukunaga, Masaki and Raphael Gibbs, J. and Goring, Harald H. H. and Green, Robert C. and Guelfi, Sebastian and Hansell, Narelle K. and Hartman, Catharina A. and Hegenscheid, Katrin and Heinz, Andreas and Hernandez, Dena G. and Heslenfeld, Dirk J. and Hoekstra, Pieter J. and Holsboer, Florian and Homuth, Georg and Hottenga, Jouke-Jan and Ikeda, Masashi and Jack Jr, Clifford R. and Jenkinson, Mark and Johnson, Robert and Kanai, Ryota and Keil, Maria and Kent Jr, Jack W. and Kochunov, Peter and Kwok, John B. and Lawrie, Stephen M. and Liu, Xinmin and Longo, Dan L. and McMahon, Katie L. and Meisenzahl, Eva and Melle, Ingrid and Mohnke, Sebastian and Montgomery, Grant W. and Mostert, Jeanette C. and Muhleisen, Thomas W. and Nalls, Michael A. and Nichols, Thomas E. and Nilsson, Lars G. and Nothen, Markus M. and Ohi, Kazutaka and Olvera, Rene L. and Perez-Iglesias, Rocio and Bruce Pike, G. and Potkin, Steven G. and Reinvang, Ivar and Reppermund, Simone and Rietschel, Marcella and Romanczuk-Seiferth, Nina and Rosen, Glenn D. and Rujescu, Dan and Schnell, Knut and Schofield, Peter R. and Smith, Colin and Steen, Vidar M. and Sussmann, Jessika E. and Thalamuthu, Anbupalam and Toga, Arthur W. and Traynor, Bryan J. and Troncoso, Juan and Turner, Jessica A. and Valdes Hernandez, Maria C. and van 't Ent, Dennis and van der Brug, Marcel and van der Wee, Nic J. A. and van Tol, Marie-Jose and Veltman, Dick J. and Wassink, Thomas H. and Westman, Eric and Zielke, Ronald H. and Zonderman, Alan B. and Ashbrook, David G. and Hager, Reinmar and Lu, Lu and McMahon, Francis J. and Morris, Derek W. and Williams, Robert W. and Brunner, Han G. and Buckner, Randy L. and Buitelaar, Jan K. and Cahn, Wiepke and Calhoun, Vince D. and Cavalleri, Gianpiero L. and Crespo-Facorro, Benedicto and Dale, Anders M. and Davies, Gareth E. and Delanty, Norman and Depondt, Chantal and Djurovic, Srdjan and Drevets, Wayne C. and Espeseth, Thomas and Gollub, Randy L. and Ho, Beng-Choon and Hoffmann, Wolfgang and Hosten, Norbert and Kahn, Rene S. and Le Hellard, Stephanie and Meyer-Lindenberg, Andreas and Muller-Myhsok, Bertram and Nauck, Matthias and Nyberg, Lars and Pandolfo, Massimo and Penninx, Brenda W. J. H. and Roffman, Joshua L. and Sisodiya, Sanjay M. and Smoller, Jordan W. and van Bokhoven, Hans and van Haren, Neeltje E. M. and Volzke, Henry and Walter, Henrik and Weiner, Michael W. and Wen, Wei and White, Tonya and Agartz, Ingrid and Andreassen, Ole A. and Blangero, John and Boomsma, Dorret I. and Brouwer, Rachel M. and Cannon, Dara M. and Cookson, Mark R. and de Geus, Eco J. C. and Deary, Ian J. and Donohoe, Gary and Fernandez, Guillen and Fisher, Simon E. and Francks, Clyde and Glahn, David C. and Grabe, Hans J. and Gruber, Oliver and Hardy, John and Hashimoto, Ryota and Hulshoff Pol, Hilleke E. and Jonsson, Erik G. and Kloszewska, Iwona and Lovestone, Simon and Mattay, Venkata S. and Mecocci, Patrizia and McDonald, Colm and McIntosh, Andrew M. and Ophoff, Roel A. and Paus, Tomas and Pausova, Zdenka and Ryten, Mina and Sachdev, Perminder S. and Saykin, Andrew J. and Simmons, Andy and Singleton, Andrew and Soininen, Hilkka and Wardlaw, Joanna M. and Weale, Michael E. and Weinberger, Daniel R. and Adams, Hieab H. H. and Launer, Lenore J. and Seiler, Stephan and Schmidt, Reinhold and Chauhan, Ganesh and Satizabal, Claudia L. and Becker, James T. and Yanek, Lisa and van der Lee, Sven J. and Ebling, Maritza and Fischl, Bruce and Longstreth Jr, W. T. and Greve, Douglas and Schmidt, Helena and Nyquist, Paul and Vinke, Louis N. and van Duijn, Cornelia M. and Xue, Luting and Mazoyer, Bernard and Bis, Joshua C. and Gudnason, Vilmundur and Seshadri, Sudha and Ikram, M. Arfan and The Alzheimer/'s Disease Neuroimaging Initiative and The CHARGE Consortium and EPIGEN and IMAGEN and SYS and Martin, Nicholas G. and Wright, Margaret J. and Schumann, Gunter and Franke, Barbara and Thompson, Paul M. and Medland, Sarah E.},
	Isbn = {0028-0836},
	Journal = {Nature},
	L3 = {10.1038/nature14101; http://www.nature.com/nature/journal/v520/n7546/abs/nature14101.html#supplementary-information},
	M3 = {Letter},
	Month = {04},
	Number = {7546},
	Pages = {224--229},
	Publisher = {Nature Publishing Group, a division of Macmillan Publishers Limited. All Rights Reserved.},
	Title = {Common genetic variants influence human subcortical brain structures},
	Ty = {JOUR},
	Url = {http://dx.doi.org/10.1038/nature14101},
	Volume = {520},
	Year = {2015},
	Bdsk-Url-1 = {http://dx.doi.org/10.1038/nature14101}}
%end of applied GWAS refs 
%%

@article{Kadri2014,
    author = {Kadri, Naveen K. AND Guldbrandtsen, Bernt AND Sørensen, Peter AND Sahana, Goutam},
    journal = {PLoS ONE},
    title = {Comparison of Genome-Wide Association Methods in Analyses of Admixed Populations with Complex Familial Relationships},
    year = {2014},
    volume = {9},
    pages = {e88926},
    number = {3},
    doi = {10.1371/journal.pone.0088926}
}

@article{Ganjgahi2015,
title = "Fast and powerful heritability inference for family-based neuroimaging studies ",
journal = "NeuroImage ",
volume = "115",
number = "",
pages = "256 - 268",
year = "2015",
doi = "http://dx.doi.org/10.1016/j.neuroimage.2015.03.005",
author = "Habib Ganjgahi and Anderson M. Winkler and David C. Glahn and John Blangero and Peter Kochunov and Thomas E. Nichols"
}

@book{lange2003,
author = {Lange, Kenneth},
edition = {2nd},
pages = {370},
publisher = {Springer},
title = {{Mathematical and statistical methods for genetic analysis}},
year = {2003}
}

@book{searle1971,
  title={Linear Models},
  author={Searle, S.R.},
  number={v. 1},
  isbn={9780471769507},
  lccn={70138919},
  series={Wiley Publication in Mathematical Statistics},
  year={1971},
  publisher={John Wiley \& Sons}
}

@article{Amemiya1977,
title = "A note on a heteroscedastic model",
journal = "Journal of Econometrics",
volume = "6",
number = "3",
pages = "365 - 370",
year = "1977",
note = "",
doi = "http://dx.doi.org/10.1016/0304-4076(77)90006-9",
author = "Takeshi Amemiya"
}

@article{Winkler2014,
author = {Winkler, Anderson M and Ridgway, Gerard R and Webster, Matthew A and Smith, Stephen M and Nichols, Thomas E},
doi = {10.1016/j.neuroimage.2014.01.060},
issn = {1095-9572},
journal = {NeuroImage},
month = feb,
pages = {381--397},
pmid = {24530839},
title = {{Permutation inference for the general linear model.}},
volume = {92C},
year = {2014},
}

@article {Nichols2002,
author = {Thomas E Nichols. and Andrew P. Holmes},
title = {Nonparametric permutation tests for functional neuroimaging: A primer with examples},
journal = {Human Brain Mapping},
volume = {15},
number = {1},
doi = {10.1002/hbm.1058},
pages = {1--25},
year = {2002},
}

@article{Genovese2002,
title = "Thresholding of Statistical Maps in Functional Neuroimaging Using the False Discovery Rate ",
journal = "NeuroImage ",
volume = "15",
number = "4",
pages = "870 - 878",
year = "2002",
note = "",
issn = "1053-8119",
doi = "http://dx.doi.org/10.1006/nimg.2001.1037",
author = "Christopher R. Genovese and Nicole A. Lazar and Thomas Nichols",
}

@article{SalimiKhorshidi2011,
title = "Adjusting the effect of nonstationarity in cluster-based and \{TFCE\} inference ",
journal = "NeuroImage ",
volume = "54",
number = "3",
pages = "2006 - 2019",
year = "2011",
issn = "1053-8119",
doi = "http://dx.doi.org/10.1016/j.neuroimage.2010.09.088",
author = "Gholamreza Salimi-Khorshidi and Stephen M. Smith and Thomas E. Nichols"
}

@article{Nichols2003,
author = {Nichols, Thomas and Hayasaka, Satoru}, 
title = {Controlling the familywise error rate in functional neuroimaging: a comparative review},
volume = {12}, 
number = {5}, 
pages = {419-446}, 
year = {2003}, 
doi = {10.1191/0962280203sm341ra}, 
journal = {Statistical Methods in Medical Research} 
}

@article{Abney2015,
author = {Abney, Mark},
doi = {10.1002/gepi.21893},
issn = {10982272},
journal = {Genetic Epidemiology},
number = {4},
pages = {249--258},
title = {{Permutation testing in the presence of polygenic variation}},
volume = {39},
year = {2015}
}


@article{Voight2005,
    author = {Voight, Benjamin F AND Pritchard, Jonathan K},
    journal = {PLoS Genet},
    publisher = {Public Library of Science},
    title = {Confounding from Cryptic Relatedness in Case-Control Association Studies},
    year = {2005},
    month = {09},
    volume = {1},
    pages = {},
    number = {3},
    doi = {10.1371/journal.pgen.0010032}
}

@article{Weir2006,
  title={Genetic relatedness analysis: modern data and new challenges},
  author={Weir, Bruce S and Anderson, Amy D and Hepler, Amanda B},
  journal={Nature Reviews Genetics},
  volume={7},
  number={10},
  pages={771--780},
  year={2006},
  publisher={Nature Publishing Group},
  doi={doi:10.1038/nrg1960}
}

@article{Pritchard2000,
title = "Association Mapping in Structured Populations ",
journal = "The American Journal of Human Genetics ",
volume = "67",
number = "1",
pages = "170 - 181",
year = "2000",
note = "",
issn = "0002-9297",
doi = "http://dx.doi.org/10.1086/302959",
author = "Jonathan K. Pritchard and Matthew Stephens and Noah A. Rosenberg and Peter Donnelly"
}

@article{Helgason2005,
  title={An Icelandic example of the impact of population structure on association studies},
  author={Helgason, Agnar and Yngvad{\'o}ttir, Brynd{\'\i}s and Hrafnkelsson, Birgir and Gulcher, Jeffrey and Stef{\'a}nsson, K{\'a}ri},
  journal={Nature genetics},
  volume={37},
  number={1},
  pages={90--95},
  year={2005},
  publisher={Nature Publishing Group},
  doi={ doi:10.1038/ng1492},
}

@article{Price2006,
  title={Principal components analysis corrects for stratification in genome-wide association studies},
  author={Price, Alkes L and Patterson, Nick J and Plenge, Robert M and Weinblatt, Michael E and Shadick, Nancy A and Reich, David},
  journal={Nature genetics},
  volume={38},
  number={8},
  pages={904--909},
  year={2006},
  publisher={Nature Publishing Group},
  doi={ doi:10.1038/ng1847},
}

@article{Yu2006,
author = {Yu, Jianming and Pressoir, Gael and Briggs, William H and {Vroh Bi}, Irie and Yamasaki, Masanori and Doebley, John F and McMullen, Michael D and Gaut, Brandon S and Nielsen, Dahlia M and Holland, James B and Kresovich, Stephen and Buckler, Edward S},
doi = {10.1038/ng1702},
journal = {Nature genetics},
number = {2},
pages = {203--8},
pmid = {16380716},
title = {{A unified mixed-model method for association mapping that accounts for multiple levels of relatedness.}},
volume = {38},
year = {2006}
}

@article{Kang2008,
author = {Kang, Hyun Min and Zaitlen, Noah a and Wade, Claire M and Kirby, Andrew and Heckerman, David and Daly, Mark J and Eskin, Eleazar},
doi = {10.1534/genetics.107.080101},
month = {mar},
number = {3},
pages = {1709--23},
title = {{Efficient control of population structure in model organism association mapping.}},
volume = {178},
year = {2008}
}

@article{Zhang2010,
author = {Zhang, Zhiwu and Ersoz, Elhan and Lai, Chao-Qiang and Todhunter, Rory J and Tiwari, Hemant K and Gore, Michael a and Bradbury, Peter J and Yu, Jianming and Arnett, Donna K and Ordovas, Jose M and Buckler, Edward S},
doi = {10.1038/ng.546},
journal = {Nature genetics},
number = {4},
pages = {355--360},
title = {{Mixed linear model approach adapted for genome-wide association studies.}},
volume = {42},
year = {2010}
}

@article{Kang2010,
author = {Kang, Hyun Min and Sul, Jae Hoon and Service, Susan K and Zaitlen, Noah a and Kong, Sit-Yee and Freimer, Nelson B and Sabatti, Chiara and Eskin, Eleazar},
doi = {10.1038/ng.548},
journal = {Nature genetics},
month = {apr},
number = {4},
pages = {348--54},
title = {{Variance component model to account for sample structure in genome-wide association studies.}},
volume = {42},
year = {2010}
}

@article{Zhao2007,
    author = {Zhao, Keyan AND Aranzana, María José AND Kim, Sung AND Lister, Clare AND Shindo, Chikako AND Tang, Chunlao AND Toomajian, Christopher AND Zheng, Honggang AND Dean, Caroline AND Marjoram, Paul AND Nordborg, Magnus},
    journal = {PLoS Genet},
    title = {An <italic>Arabidopsis</italic> Example of Association Mapping in Structured Samples},
    year = {2007},
    month = {01},
    volume = {3},
    pages = {1-12},
    number = {1},
    doi = {10.1371/journal.pgen.0030004}
}

@article{Price2010,
author = {Price, A. L. and Zaitlen, N. A. and Reich, D. and Patterson, N.},
doi = {10.1038/nrg2813},
journal = {Nature Reviews},
number = {June},
pages = {459--463},
publisher = {Nature Publishing Group},
title = {{New approaches to population stratification in genome-wide association studies}},
volume = {11},
year = {2010}
}

@article{Balding2006,
author = {Balding, DJ},
doi = {10.1038/nrg1916},
journal = {Nat Rev Genet},
number = {10},
pages = {781--791},
title = {{A tutorial on statistical methods for population association studies.}},
volume = {7},
year = {2006}
}

@article{Pirinen2013,
author = "Pirinen, Matti and Donnelly, Peter and Spencer, Chris C. A.",
doi = "10.1214/12-AOAS586",
fjournal = "The Annals of Applied Statistics",
journal = "Ann. Appl. Stat.",
month = "03",
number = "1",
pages = "369--390",
title = "Efficient computation with a linear mixed model on large-scale data sets with applications to genetic studies",
volume = "7",
year = "2013"
}

@article{Lippert2011a,
author = {Lippert, Christoph and Listgarten, Jennifer and Liu, Ying and Kadie, Carl M. and Davidson, Robert I. and Heckerman, David},
doi = {10.1038/nmeth.1681},
journal = {Nature Methods},
number = {10},
pages = {833--837},
title = {{FaST linear mixed models for genome-wide association studies}},
volume = {8},
year = {2011}
}


@article{Lippert2011b,
author = {Lippert, Christoph and Listgarten, Jennifer and Liu, Ying and Kadie, Carl M and Davidson, Robert I and Heckerman, David and Lippert, Christoph and Kadie, Carl M and Davidson, Robert I and Eskin, Eleazar and Heckerman, David},
doi = {10.1038/nmeth.2037},
journal = {Nature methods},
number = {6},
pages = {833--5},
title = {{Improved linear mixed models for genome-wide association studies.}},
volume = {8},
year = {2011}
}

@article{Widmer2014,
author = {Widmer, Christian and Lippert, Christoph and Weissbrod, Omer and Fusi, Nicolo and Kadie, Carl and Davidson, Robert and Listgarten, Jennifer and Heckerman, David},
doi = {10.1038/srep06874},
journal = {Scientific reports},
pages = {6874},
title = {{Further improvements to linear mixed models for genome-wide association studies.}},
volume = {4},
year = {2014}
}

@article{Cardon2003,
title = "Population stratification and spurious allelic association ",
journal = "The Lancet ",
volume = "361",
number = "9357",
pages = "598 - 604",
year = "2003",
doi = "http://dx.doi.org/10.1016/S0140-6736(03)12520-2",
author = "Lon R Cardon and Lyle J Palmer",
}


@article{Yang2014,
author = {Yang, Jian and Zaitlen, Noah A and Goddard, Michael E and Visscher, Peter M and Price, Alkes L},
doi = {10.1038/ng.2876},
journal = {Nature genetics},
number = {2},
pages = {100--6},
title = {{Advantages and pitfalls in the application of mixed-model association methods.}},
volume = {46},
year = {2014}
}

@article{Zhou2012,
author = {Zhou, Xiang and Stephens, Matthew},
doi = {10.1038/ng.2310},
journal = {Nature genetics},
number = {7},
pages = {821--4},
title = {{Genome-wide efficient mixed-model analysis for association studies}},
volume = {44},
year = {2012}
}

@article{Listgarten2013,
author = {Listgarten, Jennifer and Lippert, Christoph and Heckerman, David},
doi = {10.1038/ng.2620},
journal = {Nature Genetics},
number = {5},
pages = {470--471},
title = {{FaST-LMM-Select for addressing confounding from spatial structure and rare variants}},
volume = {45},
year = {2013}
}

@article{Svishcheva2012,
author = {Svishcheva, Gulnara R and Axenovich, Tatiana I and Belonogova, Nadezhda M and van Duijn, Cornelia M and Aulchenko, Yurii S},
doi = {10.1038/ng.2410},
journal = {Nature Genetics},
number = {10},
pages = {1166--1170},
title = {{Rapid variance components–based method for whole-genome association analysis}},
volume = {44},
year = {2012}
}

@article {Friston1994,
author = {Friston, K. J. and Worsley, K. J. and Frackowiak, R. S. J. and Mazziotta, J. C. and Evans, A. C.},
title = {Assessing the significance of focal activations using their spatial extent},
journal = {Human Brain Mapping},
volume = {1},
number = {3},
doi = {10.1002/hbm.460010306},
pages = {210--220},
year = {1994},
}


@article{Smith2009,
author = {Smith, SM and Nichols, TE},
doi = {10.1016/j.neuroimage.2008.03.061},
journal = {Neuroimage},
number = {1},
pages = {83--98},
title = {{Threshold-free cluster enhancement: addressing problems of smoothing, threshold dependence and localisation in cluster inference}},
volume = {44},
year = {2009}
}

% End of GWA paper refs
%%
%%9month refs

% This file was created with JabRef 2.9.2.
% Encoding: MacRoman

@BOOK{Alder1981,
  title = {The geometry of random fields},
  publisher = {John Wiley \& Sons Ltd.},
  year = {1981},
  author = {Adler, Robert J.},
  pages = {xi+280},
  address = {Chichester},
  note = {Wiley Series in Probability and Mathematical Statistics},
  isbn = {0-471-27844-0}
}

@ARTICLE{Almasy1998,
  author = {Almasy, L and Blangero, J},
  title = {Multipoint quantitative-trait linkage analysis in general pedigrees},
  journal = {American Journal of Human Genetics},
  year = {1998},
  volume = {62},
  pages = {1198-211},
  number = {5}
}

@ARTICLE{Almasy1997,
  author = {Almasy, Laura and Dyer, T D and Blangero, J},
  title = {Bivariate quantitative trait linkage analysis: pleiotropy versus
	co-incident linkages.},
  journal = {Genetic epidemiology},
  year = {1997},
  volume = {14},
  pages = {953--8},
  number = {6}
}

@ARTICLE{Amos1994,
  author = {Amos, C I},
  title = {Robust variance-components approach for assessing genetic linkage
	in pedigrees.},
  journal = {American journal of human genetics},
  year = {1994},
  volume = {54},
  pages = {535--43},
  number = {3}
}

@ARTICLE{Ashburner2000,
  author = {John Ashburner and Karl J. Friston},
  title = {Voxel-Based Morphometry?The Methods },
  journal = {NeuroImage },
  year = {2000},
  volume = {11},
  pages = {805 - 821},
  number = {6}
}

@ARTICLE{Basser1994,
  author = {P.J. Basser and J. Mattiello and D. LeBihan},
  title = {\{MR\} diffusion tensor spectroscopy and imaging },
  journal = {Biophysical Journal },
  year = {1994},
  volume = {66},
  pages = {259 - 267},
  number = {1}
}

@ARTICLE{Benjamini1995,
  author = {Benjamini, Yoav and Hochberg, Yosef},
  title = {Controlling the False Discovery Rate: A Practical and Powerful Approach
	to Multiple Testing},
  journal = {Journal of the Royal Statistical Society. Series B (Methodological)},
  year = {1995},
  volume = {57},
  pages = { 289-300},
  number = {1}
}

@ARTICLE{Blangero1997,
  author = {Blangero, John and Almasy, Laura},
  title = {Multipoint oligogenic linkage analysis of quantitative traits},
  journal = {Genetic Epidemiology},
  year = {1997},
  volume = {14},
  pages = {959--964},
  number = {6}
}

@BOOK{Blangero2013,
  title = {A kernel of truth: statistical advances in polygenic variance component
	models for complex human pedigrees.},
  publisher = {Academic Press},
  year = {2013},
  author = {Blangero, John and Diego, Vincent P and Dyer, Thomas D and Almeida,
	Marcio and Peralta, Juan and Kent, Jack W and Williams, Jeff T and
	Almasy, Laura and G\"{o}ring, Harald H H},
  volume = {81},
  pages = {1--31},
  booktitle = {Advances in genetics}
}

@ARTICLE{Blokland2008,
  author = {Gabriëlla A.M. Blokland and Katie L. McMahon and Jan Hoffman and
	Gu Zhu and Matthew Meredith and Nicholas G. Martin and Paul M. Thompson
	and Greig I. de Zubicaray and Margaret J. Wright},
  title = {Quantifying the heritability of task-related brain activation and
	performance during the N-back working memory task: A twin fMRI study
	},
  journal = {Biological Psychology },
  year = {2008},
  volume = {79},
  pages = {70 - 79},
  number = {1}
}

@ARTICLE{Braber2013,
  author = {den Braber, Anouk and Bohlken, Marc M and Brouwer, Rachel M and {van
	't Ent}, Dennis and Kanai, Ryota and Kahn, Ren\'{e} S and de Geus,
	Eco J C and {Hulshoff Pol}, Hilleke E and Boomsma, Dorret I},
  title = {Heritability of subcortical brain measures: A perspective for future
	genome-wide association studies.},
  journal = {NeuroImage},
  year = {2013},
  volume = {83C},
  pages = {98--102}
}

@ARTICLE{Brouwer2010,
  author = {Rachel M. Brouwer and René C.W. Mandl and Jiska S. Peper and G. Caroline
	M. van Baal and René S. Kahn and Dorret I. Boomsma and Hilleke E.
	Hulshoff Pol},
  title = {Heritability of \{DTI\} and \{MTR\} in nine-year-old children},
  journal = {NeuroImage },
  year = {2010},
  volume = {53},
  pages = {1085 - 1092},
  number = {3}
}

@ARTICLE{Burggren2008,
  author = {A.C. Burggren and M.M. Zeineh and A.D. Ekstrom and M.N. Braskie and
	P.M. Thompson and G.W. Small and S.Y. Bookheimer},
  title = {Reduced cortical thickness in hippocampal subregions among cognitively
	normal apolipoprotein E e4 carriers },
  journal = {NeuroImage },
  year = {2008},
  volume = {41},
  pages = {1177 - 1183},
  number = {4}
}

@ARTICLE{Cao1999,
  author = {Cao, J.},
  title = {The Size of the Connected Components of Excursion Sets of ? 2, t
	and F Fields},
  journal = {Advances in Applied Probability},
  year = {1999},
  volume = {31},
  pages = {pp. 579-595},
  number = {3}
}

@BOOK{Cao2001,
  title = {Spatial Statistics: Methodological Aspects and Some Applications},
  publisher = {Springer Verlag},
  year = {2001},
  author = {Cao, J. and Worsley, K.J.},
  series = {Lecture Notes in Statistics Series},
  isbn = {9780387952406},
  lccn = {00067925}
}

@BOOK{Cauchy1821,
  title = {{\OE}uvres Compl\`{e}tes D'Augustin Cauchy (published in 1882)},
  publisher = {Gauthier-Villars et Fils},
  year = {1821},
  author = {Augustin-Louis Cauchy},
  volume = {XV},
  address = {Paris}
}

@ARTICLE{Chiang2009,
  author = {Chiang, Ming-Chang and Barysheva, Marina and Shattuck, David W. and
	Lee, Agatha D. and Madsen, Sarah K. and Avedissian, Christina and
	Klunder, Andrea D. and Toga, Arthur W. and McMahon, Katie L. and
	de Zubicaray, Greig I. and Wright, Margaret J. and Srivastava, Anuj
	and Balov, Nikolay and Thompson, Paul M.},
  title = {Genetics of Brain Fiber Architecture and Intellectual Performance},
  journal = {The Journal of Neuroscience},
  year = {2009},
  volume = {29},
  pages = {2212-2224},
  number = {7}
}

@ARTICLE{Chiang2011,
  author = {Ming-Chang Chiang and Katie L. McMahon and Greig I. de Zubicaray
	and Nicholas G. Martin and Ian Hickie and Arthur W. Toga and Margaret
	J. Wright and Paul M. Thompson},
  title = {Genetics of white matter development: A \{DTI\} study of 705 twins
	and their siblings aged 12 to 29 },
  journal = {NeuroImage },
  year = {2011},
  volume = {54},
  pages = {2308 - 2317},
  number = {3},
  issn = {1053-8119}
}

@BOOK{falconer1960,
  title = {Introduction to Quantitative Genetics},
  publisher = {Oliver and Boyd, Edinburgh.},
  year = {1960},
  author = {Falconer, D.S..}
}

@BOOK{falconer1996,
  title = {Introduction to Quantitative Genetics},
  publisher = {Longman},
  year = {1996},
  author = {Falconer, D.S. and Mackay, T.F.C.}
}

@ARTICLE{Fischl2000,
  author = {Fischl, Bruce and Dale, Anders M.},
  title = {Measuring the thickness of the human cerebral cortex from magnetic
	resonance images},
  journal = {Proceedings of the National Academy of Sciences},
  year = {2000},
  volume = {97},
  pages = {11050-11055},
  number = {20}
}

@BOOK{fisher1935design,
  title = {The Design of Experiments},
  publisher = {Oliver and Boyd},
  year = {1935},
  author = {Fisher, R.A.}
}

@ARTICLE{Friston1995,
  author = {Friston, KJ and Holmes, AP and {Worsley, J.-P. Poline, C.D. Frith},
	And and Frackowiak, R.S.J.},
  title = {Statistical parametric maps in functional imaging: a general linear
	approach},
  journal = {\ldots brain mapping},
  year = {1994}
}

@ARTICLE{Friston2002,
  author = {K.J. Friston and W. Penny and C. Phillips and S. Kiebel and G. Hinton
	and J. Ashburner},
  title = {Classical and Bayesian Inference in Neuroimaging: Theory },
  journal = {NeuroImage },
  year = {2002},
  volume = {16},
  pages = {465 - 483},
  number = {2}
}

@ARTICLE{Friston1996b,
  author = {Friston, Karl J. and Williams, Steven and Howard, Robert and Frackowiak,
	Richard S. J. and Turner, Robert},
  title = {Movement-Related effects in fMRI time-series},
  journal = {Magnetic Resonance in Medicine},
  year = {1996b},
  volume = {35},
  pages = {346--355},
  number = {3}
}

@ARTICLE{Friston1994,
  author = {Friston, K. J. and Worsley, K. J. and Frackowiak, R. S. J. and Mazziotta,
	J. C. and Evans, A. C.},
  title = {Assessing the significance of focal activations using their spatial
	extent},
  journal = {Human Brain Mapping},
  year = {1994},
  volume = {1},
  pages = {210--220},
  number = {3}
}

@ARTICLE{Tian2012,
  author = {Tian Ge and Jianfeng Feng and Derrek P. Hibar and Paul M. Thompson
	and Thomas E. Nichols},
  title = {Increasing power for voxel-wise genome-wide association studies:
	The random field theory, least square kernel machines and fast permutation
	procedures },
  journal = {NeuroImage },
  year = {2012},
  volume = {63},
  pages = {858 - 873},
  number = {2}
}

@ARTICLE{Genovese2002,
  author = {Christopher R. Genovese and Nicole A. Lazar and Thomas Nichols},
  title = {Thresholding of Statistical Maps in Functional Neuroimaging Using
	the False Discovery Rate },
  journal = {NeuroImage },
  year = {2002},
  volume = {15},
  pages = {870 - 878},
  number = {4}
}

@ARTICLE{Glahn2007,
  author = {Glahn, David C. and Thompson, Paul M. and Blangero, John},
  title = {Neuroimaging endophenotypes: Strategies for finding genes influencing
	brain structure and function},
  journal = {Human Brain Mapping},
  year = {2007},
  volume = {28},
  pages = {488--501},
  number = {6},
  keywords = {genetics, neuroimaging, endophenotype, MRI, PET, anatomy, functional
	MRI, fMRI}
}

@BOOK{Good2005,
  title = {{Permutation, Parametric and Bootstrap Tests of Hypotheses}},
  publisher = {Springer},
  year = {2005},
  author = {Good, Phillip},
  pages = {315}
}

@ARTICLE{Hayasaka2003,
  author = {Hayasaka, Satoru and Nichols, Thomas E},
  title = {Validating cluster size inference : random field and permutation
	methods.},
  journal = {NeuroImage},
  year = {2003},
  volume = {20},
  pages = {2343--2356}
}

@ARTICLE{Hayasaka2004c,
  author = {Hayasaka, Satoru and Phan, K Luan and Liberzon, Israel and Worsley,
	Keith J and Nichols, Thomas E.},
  title = {Nonstationary cluster-size inference with random field and permutation
	methods.},
  journal = {NeuroImage},
  year = {2004c},
  volume = {22},
  pages = {676 -- 687},
  number = {2}
}

@ARTICLE{Hayasaka2004,
  author = {Hayasaka, Satoru and Phan, K Luan and Liberzon, Israel and Worsley,
	Keith J and Nichols, Thomas E.},
  title = {.Nonstationary cluster-size inference with random field and permutation
	methods.},
  journal = {NeuroImage},
  year = {2004},
  volume = {22},
  pages = {676 -- 687},
  number = {2}
}

@ARTICLE{Holmes1996,
  author = {Holmes, A P and Blair, R C and Watson, J D and Ford, I},
  title = {Nonparametric analysis of statistic images from functional mapping
	experiments.},
  journal = {Journal of cerebral blood flow and metabolism : official journal
	of the International Society of Cerebral Blood Flow and Metabolism},
  year = {1996},
  volume = {16},
  pages = {7--22},
  number = {1}
}

@ARTICLE{HOPPER1983,
  author = {Hopper, John L. and Mathews, John D.},
  title = {Extensions to multi- variate normal models for pedigree analysis},
  journal = {Annals of Human Genetics},
  year = {1982},
  volume = {46},
  pages = {373-383}
}

@ARTICLE{Hua2008,
  author = {Xue Hua and Alex D. Leow and Neelroop Parikshak and Suh Lee and Ming-Chang
	Chiang and Arthur W. Toga and Clifford R. Jack Jr and Michael W.
	Weiner and Paul M. Thompson},
  title = {Tensor-based morphometry as a neuroimaging biomarker for Alzheimer's
	disease: An \{MRI\} study of 676 AD, MCI, and normal subjects },
  journal = {NeuroImage },
  year = {2008},
  volume = {43},
  pages = {458 - 469},
  number = {3}
}

@ARTICLE{Jahanshad2013,
  author = {Neda Jahanshad and Peter V. Kochunov and Emma Sprooten and René C.
	Mandl and Thomas E. Nichols and Laura Almasy and John Blangero and
	Rachel M. Brouwer and Joanne E. Curran and Greig I. de Zubicaray
	and Ravi Duggirala and Peter T. Fox and L. Elliot Hong and Bennett
	A. Landman and Nicholas G. Martin and Katie L. McMahon and Sarah
	E. Medland and Braxton D. Mitchell and Rene L. Olvera and Charles
	P. Peterson and John M. Starr and Jessika E. Sussmann and Arthur
	W. Toga and Joanna M. Wardlaw and Margaret J. Wright and Hilleke
	E. Hulshoff Pol and Mark E. Bastin and Andrew M. McIntosh and Ian
	J. Deary and Paul M. Thompson and David C. Glahn},
  title = {Multi-site genetic analysis of diffusion images and voxelwise heritability
	analysis: A pilot project of the ENIGMA?DTI working group },
  journal = {NeuroImage },
  year = {2013},
  volume = {81},
  pages = {455 - 469},
  number = {0}
}

@ARTICLE{Jennrich1976,
  author = {Jennrich, RI and Sampson, PF},
  title = {Newton-Raphson and related algorithms for maximum likelihood variance
	component estimation.},
  journal = {Technometrics},
  year = {1976},
  volume = {18},
  pages = {11--17},
  number = {1}
}

@ARTICLE{Kochunov2011b,
  author = {P. Kochunov and D.C. Glahn and J. Lancaster and P.M. Thompson and
	V. Kochunov and B. Rogers and P. Fox and J. Blangero and D.E. Williamson},
  title = {Fractional anisotropy of cerebral white matter and thickness of cortical
	gray matter across the lifespan },
  journal = {NeuroImage },
  year = {2011b},
  volume = {58},
  pages = {41 - 49},
  number = {1}
}

@ARTICLE{Kochunov2010,
  author = {P. Kochunov and D.C. Glahn and J.L. Lancaster and A.M. Winkler and
	S. Smith and P.M. Thompson and L. Almasy and R. Duggirala and P.T.
	Fox and J. Blangero},
  title = {Genetics of microstructure of cerebral white matter using diffusion
	tensor imaging },
  journal = {NeuroImage },
  year = {2010},
  volume = {53},
  pages = {1109 - 1116},
  number = {3}
}

@ARTICLE{Kochunov2011a,
  author = {Kochunov, Peter and Glahn, David and Nichols, Tom and Winkler, Anderson
	and Hong, Elliott and Holcomb, Henry and Stein, Jason and Thompson,
	Paul and Curran, Joanne and Carless, Melany and Olvera, Rene and
	Johnson, MP and Cole, Shelley and Kochunov, Valeria and Kent, Jack
	and Blangero, John},
  title = {Genetic Analysis of Cortical Thickness and Fractional Anisotropy
	of Water Diffusion in the Brain},
  journal = {Frontiers in Neuroscience},
  year = {2011a},
  volume = {5},
  number = {120}
}

@ARTICLE{Koten2009,
  author = {Koten, Jan Willem and Wood, Guilherme and Hagoort, Peter and Goebel,
	Rainer and Propping, Peter and Willmes, Klaus and Boomsma, Dorret
	I.},
  title = {Genetic Contribution to Variation in Cognitive Function: An fMRI
	Study in Twins},
  journal = {Science},
  year = {2009},
  volume = {323},
  pages = {1737-1740},
  number = {5922}
}

@ARTICLE{Kremen2010,
  author = {Kremen, William S and Prom-Wormley, Elizabeth and Panizzon, Matthew
	S and Eyler, Lisa T and Fischl, Bruce and Neale, Michael C and Franz,
	Carol E and Lyons, Michael J and Pacheco, Jennifer and Perry, Michele
	E and Stevens, Allison and Schmitt, J Eric and Grant, Michael D and
	Seidman, Larry J and Thermenos, Heidi W and Tsuang, Ming T and Eisen,
	Seth a and Dale, Anders M and Fennema-Notestine, Christine},
  title = {Genetic and environmental influences on the size of specific brain
	regions in midlife: the VETSA MRI study.},
  journal = {NeuroImage},
  year = {2010},
  volume = {49},
  pages = {1213--23},
  number = {2}
}

@ARTICLE{Lange1976,
  author = {Lange, Kenneth and Westlake, Joan and Spence, M A},
  title = {Extensions to pedigree analysis. III. Variance components by the
	scoring method.},
  journal = {Annals of Human Genetics},
  year = {1976},
  volume = {39},
  pages = {485--91},
  number = {4},
  pmid = {952492}
}

@BOOK{Lange1997,
  title = {Mathematical and Statistical Methods for Genetic Analysis},
  publisher = {Springer-Verlag, New York},
  year = {1997},
  author = {K Lange.}
}

@ARTICLE{Lindquist2012,
  author = {Lindquist, Martin A and Spicer, Julie and Asllani, Iris and Wager,
	Tor D.},
  title = {Estimating and testing variance components in a multi-level GLM},
  journal = {NeuroImage},
  year = {2012},
  volume = {59},
  pages = {490--501},
  number = {1},
  keywords = {Iterative generalized least squares,Likelihood ratio tests,Multi-level
	GLM,Restricted iterative generalized least squares,Variance components,fMRI}
}

@ARTICLE{Matthews2007,
  author = {Scott C. Matthews and Alan N. Simmons and Irina Strigo and Kerry
	Jang and Murray B. Stein and Martin P. Paulus},
  title = {Heritability of anterior cingulate response to conflict: An fMRI
	study in female twins },
  journal = {NeuroImage },
  year = {2007},
  volume = {38},
  pages = {223 - 227},
  number = {1}
}

@ARTICLE{Mumford2006,
  author = {Mumford, J.A. and Nichols, T.},
  title = {Modeling and inference of multisubject fMRI data},
  journal = {Engineering in Medicine and Biology Magazine, IEEE},
  year = {2006},
  volume = {25},
  pages = {42-51},
  number = {2}
}

@ARTICLE{Muresan2005,
  author = {Muresan, L. and Renken, R. and Roerdink, J. B T M and Duifhuis, H.},
  title = {Automated correction of spin-history related motion artefacts in
	fMRI: Simulated and phantom data},
  journal = {Biomedical Engineering, IEEE Transactions on},
  year = {2005},
  volume = {52},
  pages = {1450-1460},
  number = {8}
}

@ARTICLE{Nichols2003,
  author = {Nichols, Thomas E. and Hayasaka, Satoru},
  title = {Controlling the familywise error rate in functional neuroimaging:
	a comparative review.},
  journal = {Statistical Methods in Medical Research},
  year = {2003},
  volume = {12},
  pages = {419--446},
  number = {5}
}

@ARTICLE{Nichols2001,
  author = {Nichols, Thomas E. and Holmes, Andrew P},
  title = {Nonparametric permutation tests for functional neuroimaging: A primer
	with examples.},
  journal = {Human Brain Mapping},
  year = {2001},
  volume = {15},
  pages = {1--25},
  number = {1}
}

@ARTICLE{Petersson1999,
  author = {Petersson, Karl Magnus and Nichols, Thomas E. and Poline, Jean-Baptiste
	and Holmes, Andrew P.},
  title = {Statistical limitations in functional neuroimaging II. Signal detection
	and statistical inference},
  journal = {Philosophical Transactions of the Royal Society of London. Series
	B: Biological Sciences},
  year = {1999},
  volume = {354},
  pages = {1261-1281},
  number = {1387}
}

@ARTICLE{Pievani2009,
  author = {M. Pievani and P.E. Rasser and S. Galluzzi and L. Benussi and R.
	Ghidoni and F. Sabattoli and M. Bonetti and G. Binetti and P.M. Thompson
	and G.B. Frisoni},
  title = {Mapping the effect of \{APOE\} ?4 on gray matter loss in Alzheimer's
	disease in vivo },
  journal = {NeuroImage },
  year = {2009},
  volume = {45},
  pages = {1090 - 1098},
  number = {4}
}

@ARTICLE{Poline1993,
  author = {Poline, Jean-Baptiste and Mazoyer, Bernard M.},
  title = {Analysis of Individual Positron Emission Tomography Activation Maps
	by Detection of High Signal-to-Noise-Ratio Pixel Clusters.},
  journal = {J Cereb Blood Flow Metab},
  year = {1993},
  volume = {13},
  pages = {425--437},
  number = {3}
}

@ARTICLE{Poline1997,
  author = {J-B. Poline and K.J. Worsley and A.C. Evans and K.J. Friston},
  title = {Combining Spatial Extent and Peak Intensity to Test for Activations
	in Functional Imaging },
  journal = {NeuroImage },
  year = {1997},
  volume = {5},
  pages = {83 - 96},
  number = {2}
}

@ARTICLE{Polk2007,
  author = {Polk, Thad A. and Park, Joonkoo and Smith, Mason R. and Park, Denise
	C.},
  title = {Nature versus Nurture in Ventral Visual Cortex: A Functional Magnetic
	Resonance Imaging Study of Twins},
  journal = {The Journal of Neuroscience},
  year = {2007},
  volume = {27},
  pages = {13921-13925},
  number = {51},
  doi = {10.1523/JNEUROSCI.4001-07.2007}
}

@ARTICLE{Reich2001,
  author = {Reich, D E and Cargill, M and Bolk, S and Ireland, J and Sabeti,
	P C and Richter, D J and Lavery, T and Kouyoumjian, R and Farhadian,
	S F and Ward, R and Lander, E S},
  title = {Linkage disequilibrium in the human genome.},
  journal = {Nature},
  year = {2001},
  volume = {411},
  pages = {199--204},
  keywords = {Alleles,Bias (Epidemiology),Chromosome Mapping,Chromosome Mapping:
	methods,Computer Simulation,Continental Population Groups,Continental
	Population Groups: genetics,Europe,Europe: ethnology,Founder Effect,Genetic
	Diseases, Inborn,Genetic Diseases, Inborn: genetics,Genome, Human,Haplotypes,Haplotypes:
	genetics,Heterozygote,Humans,Linkage Disequilibrium,Linkage Disequilibrium:
	genetics,Models, Genetic,Nigeria,Phylogeny,Polymorphism, Single Nucleotide,Polymorphism,
	Single Nucleotide: genetics,Recombination, Genetic,Recombination,
	Genetic: genetics,Reproducibility of Results,Selection, Genetic,Time
	Factors,United States}
}

@ARTICLE{Rimol2010,
  author = {Rimol, Lars M and Panizzon, Matthew S and Fennema-Notestine, Christine
	and Eyler, Lisa T and Fischl, Bruce and Franz, Carol E and Hagler,
	Donald J and Lyons, Michael J and Neale, Michael C and Pacheco, Jennifer
	and Perry, Michele E and Schmitt, J Eric and Grant, Michael D and
	Seidman, Larry J and Thermenos, Heidi W and Tsuang, Ming T and Eisen,
	Seth a and Kremen, William S and Dale, Anders M},
  title = {Cortical thickness is influenced by regionally specific genetic factors.},
  journal = {Biological psychiatry},
  year = {2010},
  volume = {67},
  pages = {493--9},
  number = {5}
}

@ARTICLE{Schwarz1888,
  author = {Schwarz, H. A.},
  title = {\"{U}ber ein {F}l\"{a}chen kleinsten {F}l\"{a}cheninhalts betreffendes
	{P}roblem der {V}ariationsrechnung},
  journal = {Acta Societatis Scientiarum Fennic{\ae}},
  year = {1888},
  volume = {XV},
  pages = {319--332}
}

@ARTICLE{Self1987,
  author = {Self, Steven G. and Liang, Kung-Yee},
  title = {Asymptotic Properties of Maximum Likelihood Estimators and Likelihood
	Ratio Tests Under Nonstandard Conditions},
  journal = {Journal of the American Statistical Association},
  year = {1987},
  volume = {82},
  pages = {pp. 605-610},
  number = {398}
}

@ARTICLE{Stram1994,
  author = {Stram, Daniel O. and Jae Won Lee},
  title = {Variance Components Testing in the Longitudinal Mixed Effects Model},
  journal = {Biometrics},
  year = {1994},
  volume = {50},
  pages = {pp. 1171-1177},
  number = {4}
}

@ARTICLE{Verbeke2003,
  author = {Verbeke, Geert and Molenberghs, Geert},
  title = {The Use of Score Tests for Inference on Variance Components},
  journal = {Biometrics},
  year = {2003},
  volume = {59},
  pages = {pp. 254-262},
  number = {2}
}

@ARTICLE{Winkler2010,
  author = {Winkler, Anderson M and Kochunov, Peter and Blangero, John and Almasy,
	Laura and Zilles, Karl and Fox, Peter T and Duggirala, Ravindranath
	and Glahn, David C},
  title = {Cortical thickness or grey matter volume? The importance of selecting
	the phenotype for imaging genetics studies.},
  journal = {NeuroImage},
  year = {2010},
  volume = {53},
  pages = {1135--1146},
  number = {3},
  keywords = {brain cortical thickness}
}

@ARTICLE{Worsley1999,
  author = {Worsley, K.J. and Andermann, M. and Koulis, T. and MacDonald, D.
	and Evans, A.C.},
  title = {Detecting changes in nonisotropic images},
  journal = {Human Brain Mapping},
  year = {1999},
  volume = {8},
  pages = {98--101},
  number = {2-3}
}

@ARTICLE{Worsley1996,
  author = {Worsley, Keith J},
  title = {The geometry of random images.},
  journal = {Chance},
  year = {1996},
  volume = {9},
  pages = {27--40},
  number = {1}
}

@ARTICLE{Worsley1995,
  author = {Worsley, K. J.},
  title = {Estimating the Number of Peaks in a Random Field Using the Hadwiger
	Characteristic of Excursion Sets, with Applications to Medical Images},
  journal = {The Annals of Statistics},
  year = {1995},
  volume = {23},
  number = {2}
}

@ARTICLE{Worsley1992,
  author = {Worsley, Keith J and Evans, Alan C and Marrett, S and Neelin, P},
  title = {A three-dimensional statistical analysis for CBF activation studies
	in human brain.},
  journal = {Journal of Cerebral Blood Flow and Metabolism},
  year = {1992},
  volume = {12},
  pages = {900--918},
  number = {6}
}

@ARTICLE{Worsley1996b,
  author = {Worsley, Keith J and Marrett, S and Neelin, P and Vandal, A C and
	Friston, Karl J. and Evans, Alan C},
  title = {A unified statistical approach for determining significant signals
	in images of cerebral activation.},
  journal = {Human Brain Mapping},
  year = {1996b},
  volume = {4},
  pages = {58--73}
}



@article{Sabatti2009,
  title={Genome-wide association analysis of metabolic traits in a birth cohort from a founder population},
  author={Sabatti, Chiara and Service, Susan K and Hartikainen, Anna-Liisa and Pouta, Anneli and Ripatti, Samuli and Brodsky, Jae and Jones, Chris G and Zaitlen, Noah A and Varilo, Teppo and Kaakinen, Marika and others},
  journal={Nature genetics},
  volume={41},
  number={1},
  pages={35--46},
  year={2009},
}

@article{Cho2009,
  title={A large-scale genome-wide association study of Asian populations uncovers genetic factors influencing eight quantitative traits},
  author={Cho, Yoon Shin and Go, Min Jin and Kim, Young Jin and Heo, Jee Yeon and Oh, Ji Hee and Ban, Hyo-Jeong and Yoon, Dankyu and Lee, Mi Hee and Kim, Dong-Joon and Park, Miey and others},
  journal={Nature genetics},
  volume={41},
  number={5},
  pages={527--534},
  year={2009},
  publisher={Nature Publishing Group}
}

@article{Ober2001,
  title={The genetic dissection of complex traits in a founder population},
  author={Ober, Carole and Abney, Mark and McPeek, Mary Sara},
  journal={The American Journal of Human Genetics},
  volume={69},
  number={5},
  pages={1068--1079},
  year={2001},
}

@article{Worsley1992a,
author = {Worsley, Keith J and Evans, Alan C and Marrett, S and Neelin, P},
journal = {Journal of Cerebral Blood Flow and Metabolism},
month = nov,
number = {6},
pages = {900--918},
title = {{A three-dimensional statistical analysis for CBF activation studies in human brain}},
volume = {12},
year = {1992}
}


@article{Cao1999,
author = {Cao, J},
journal = {Advances in Applied Probability},
number = {3},
pages = {579--595},
title = {{The size of the connected components of excursion sets of $\chi^2$, t and F fields}},
volume = {31},
year = {1999}
}

@article{Harville1974,
 author = {David A. Harville},
 journal = {Biometrika},
 number = {2},
 pages = {383-385},
 publisher = {[Oxford University Press, Biometrika Trust]},
 title = {Bayesian Inference for Variance Components Using Only Error Contrasts},
 volume = {61},
 year = {1974},
doi = {10.2307/2334370},
}

@article{Harville1977,
author = { David A.   Harville },
title = {Maximum Likelihood Approaches to Variance Component Estimation and to Related Problems},
journal = {Journal of the American Statistical Association},
volume = {72},
number = {358},
pages = {320-338},
year = {1977},
doi = {10.1080/01621459.1977.10480998},
}

@article{Patterson1971,
author = {Patterson, H. D. and Thompson, R.}, 
title = {Recovery of inter-block information when block sizes are unequal},
volume = {58}, 
number = {3}, 
pages = {545-554}, 
year = {1971}, 
doi = {10.1093/biomet/58.3.545}, 
journal = {Biometrika} 
}

@article{Jennrich1976,
 author = {R. I. Jennrich, P. F. Sampson},
 journal = {Technometrics},
 number = {1},
 pages = {11-17},
 title = {Newton-Raphson and Related Algorithms for Maximum Likelihood Variance Component Estimation},
 volume = {18},
 year = {1976}
}

@article{Dempster1977,
 author = {A. P. Dempster, N. M. Laird, D. B. Rubin},
 journal = {Journal of the Royal Statistical Society. Series B (Methodological)},
 number = {1},
 pages = {1-38},
 title = {Maximum Likelihood from Incomplete Data via the EM Algorithm},
 volume = {39},
 year = {1977}
}

@article{Laird1982,
 author = {Nan M. Laird, James H. Ware},
 journal = {Biometrics},
 number = {4},
 pages = {963-974},
 publisher = {[Wiley, International Biometric Society]},
 title = {Random-Effects Models for Longitudinal Data},
 volume = {38},
 year = {1982}
}

@article{Longford1987,
author = {Longford, Nichols T.}, 
title = {A fast scoring algorithm for maximum likelihood estimation in unbalanced mixed models with nested random effects},
volume = {74}, 
number = {4}, 
pages = {817-827}, 
year = {1987}, 
doi = {10.1093/biomet/74.4.817}, 
journal = {Biometrika} 
}

@article{Devlin1999,
 author = {B. Devlin, Kathryn Roeder},
 journal = {Biometrics},
 number = {4},
 pages = {997-1004},
 publisher = {[Wiley, International Biometric Society]},
 title = {Genomic Control for Association Studies},
 volume = {55},
 year = {1999}
}

@book{Searle2009,
  title={Variance components},
  author={Searle, Shayle R and Casella, George and McCulloch, Charles E},
  volume={391},
  year={2009},
  publisher={John Wiley \& Sons},
  doi = {10.1002/9780470316856},
}


@article{Meyer1985,
  title={Maximum likelihood estimation of variance components for a multivariate mixed model with equal design matrices},
  author={Meyer, KARIN},
  journal={Biometrics},
  pages={153--165},
  year={1985},
}